<?xml version="1.0" encoding="UTF-8"?><collection xmlns="http://www.loc.gov/MARC21/slim"><record><leader>00413nam--2200133-i-4500</leader><controlfield tag="001">000002249</controlfield><controlfield tag="002">20161230</controlfield><controlfield tag="005">20161230201024</controlfield><controlfield tag="008">060222s1000------------r-----000-0-eng-d</controlfield><datafield ind1=" " ind2=" " tag="080"><subfield code="a">681.3.06</subfield></datafield><datafield ind1=" " ind2=" " tag="100"><subfield code="a">Findley, Robert</subfield></datafield><datafield ind1=" " ind2=" " tag="245"><subfield code="a">Scelbi  8080  software gourmet guide and cook book. with 2 nd edition revisions by raymond edwards</subfield></datafield><datafield ind1=" " ind2=" " tag="260"><subfield code="a">Milford, Scelbi Computer Consulting, 1978. /Pag. Dif.</subfield></datafield><datafield ind1=" " ind2=" " tag="852"><subfield code="a">46700</subfield></datafield></record></collection>